@misc{seguridad_social,
	title = {Seguridad {Social}: {Cotización} / {Recaudación} de {Trabajadores}},
	url = {https://www.seg-social.es/wps/portal/wss/internet/Trabajadores/CotizacionRecaudacionTrabajadores/36537},
	howpublished = {\url{https://www.seg-social.es/wps/portal/wss/internet/Trabajadores/CotizacionRecaudacionTrabajadores/36537}},
	urldate = {2025-06-01},
    note = {[Último acceso 1 de Junio de 2025]},
}

@misc{tensorflowjs,
	title = {{TensorFlow}.js: {Convierte} un modelo guardado de {Python} en un formato de {TensorFlow}.js},
	shorttitle = {{TensorFlow}.js},
	url = {https://codelabs.developers.google.com/codelabs/tensorflowjs-convert-python-savedmodel},
	howpublished = {\url{https://codelabs.developers.google.com/codelabs/tensorflowjs-convert-python-savedmodel}},abstract = {En este codelab, aprenderás a tomar un modelo de AA de Python existente que está en formato de modelo guardado y convertirlo al formato de TensorFlow.js para que se pueda ejecutar en un navegador web. Además, aprenderás a abordar problemas habituales que pueden ocurrir en las conversiones.},
	urldate = {2025-05-04},
	journal = {Google Codelabs},
    note = {[Último acceso 4 de Mayo de 2025]},
}
